@ARTICLE{Paper2014,
  author = {Lastname, Firstname and Author2, Firstname},
  title = {Title},
  journaltitle = {Journal},
  year = {2014}
}

