@misc{bris,
  title = {{Bristol University} Mechanical engineering},
  howpublished = {\url{http://www.bristol.ac.uk/engineering/departments/mecheng/}},
  note = {Accessed: 2016-11-04}
}

@misc{mildsteele,
  title = {Carbon steel - Wikipedia},
  howpublished = {\url{https://en.wikipedia.org/wiki/Carbon_steel}},
  note = {Accessed: 2016-11-04}
}

@misc{toolsteele,
  title = {Material: Tool steel},
  howpublished = {\url{https://www.memsnet.org/material/toolsteel/}},
  note = {Accessed: 2016-11-04}
}

@misc{aluminiume,
  title = {Aluminium - Wikipedia},
  howpublished = {\url{https://en.wikipedia.org/wiki/Aluminium}},
  note = {Accessed: 2016-11-04}
}

@misc{aluminiumyield,
  title = {Aluminium - Wikipedia},
  howpublished = {\url{https://en.wikipedia.org/wiki/Aluminium}},
  note = {Accessed: 2016-11-04}
}

@misc{mildsteelyield,
  title = {Ultimate tensile strength - Wikipedia},
  howpublished = {\url{https://en.wikipedia.org/wiki/Ultimate_tensile_strength}},
  note = {Accessed: 2016-11-04}
}

@misc{toolsteelyield,
  title = {AISI Type H13 Hot Work Tool Steel},
  howpublished = {\url{http://www.matweb.com/search/datasheet_print.aspx?matguid=e30d1d1038164808a85cf7ba6aa87ef7}},
  note = {Accessed: 2016-11-04}
}

@misc{castirong,
  title = {Modulus of Rigidity},
  howpublished = {\url{http://www.engineeringtoolbox.com/modulus-rigidity-d_946.html}},
  note = {Accessed: 2016-11-04}
}

@misc{mildsteelg,
  title = {Properties of Metals},
  howpublished = {\url{http://www.roymech.co.uk/Useful_Tables/Matter/prop_metals.htm}},
  note = {Accessed: 2016-11-04}
}

@misc{brassg,
  title = {Modulus of Rigidity - Engineering ToolBox},
  howpublished = {\url{www.engineeringtoolbox.com/modulus-rigidity-d_946.html}},
  note = {Accessed: 2016-11-04}
}

@misc{castironshearstrength,
  title = {Grey Cast Iron :: MakeItFrom.com},
  howpublished = {\url{http://www.makeitfrom.com/material-properties/Grey-Cast-Iron}},
  note = {Accessed: 2016-11-04}
}

@misc{mildsteelshearstrength,
  title = {Shear strength - Wikipedia},
  howpublished = {\url{https://en.wikipedia.org/wiki/Shear_strength}},
  note = {Accessed: 2016-11-04}
}

@misc{brassshearstrength,
  title = {Brass | Elgin Fasteners},
  howpublished = {\url{elginfasteners.com/resources/materials/material-specifications/brass-material/}},
  note = {Accessed: 2016-11-04}
}

@misc{toolsteeldensity,
  title = {Density of Steel - Hypertextbook},
  howpublished = {\url{hypertextbook.com/facts/2004/KarenSutherland.shtml}},
  note = {Accessed: 2016-11-04}
}

@misc{mildsteeldensity,
  title = {Carbon steel - Wikipedia},
  howpublished = {\url{https://en.wikipedia.org/wiki/Carbon_steel}},
  note = {Accessed: 2016-11-04}
}

@misc{brassdensity,
  title = {Metals and Alloys - Densities - Engineering ToolBox},
  howpublished = {\url{www.engineeringtoolbox.com/metal-alloys-densities-d_50.html}},
  note = {Accessed: 2016-11-04}
}

@misc{castirondensity,
  title = {Metals and Alloys - Densities - Engineering ToolBox},
  howpublished = {\url{www.engineeringtoolbox.com/metal-alloys-densities-d_50.html}},
  note = {Accessed: 2016-11-04}
}

@misc{aluminiumdensity,
  title = {Aluminium - Wikipedia},
  howpublished = {\url{https://en.wikipedia.org/wiki/Aluminium}},
  note = {Accessed: 2016-11-04}
}